@article{connor2010fast,
  title={Fast construction of k-nearest neighbor graphs for point clouds},
  author={Connor, Michael and Kumar, Piyush},
  journal={IEEE transactions on visualization and computer graphics},
  volume={16},
  number={4},
  pages={599--608},
  year={2010},
  publisher={IEEE}
}
@article{wiles1995modular,
  title={Modular elliptic curves and Fermat's last theorem},
  author={Wiles, Andrew},
  journal={Annals of mathematics},
  volume={141},
  number={3},
  pages={443--551},
  year={1995},
  publisher={JSTOR}
}